@article{green_2017_impact,
    title = {Impact of space weather on the satellite industry},
    author = {Green, J. C. and Likar, J. and Shprits, Y.},
    journal = {Advancing Earth and space science},
    volume = {15},
    pages = {804--818},
    year = {2017},
}

@inproceedings{schlag_2018_numerical,
    title = {Numerical Analysis of Automated Anomaly Detection Algorithms for
             Satellite Telemetry},
    author = {Schlag, L. and O'Meara, C. and Wickler, M.},
    booktitle = {SpaceOps Conference},
    pages = {1-13},
    year = {2018},
}

@manual{xgboost_docs,
    title = {XGBoost: A Scalable Tree Boosting System},
    note = {\url{https://xgboost.readthedocs.io/en/latest/}},
    year = {2020},
}

@inbook{boumghar_2018_enhanced,
    title = {Enhanced awareness in space operations using multipurpose dynamic
             network analysis},
    author = {Boumghar, R. and Silva, J. and Angelis, I. and Schulster, J. and
              Donati, A.},
    editor = {},
    booktitle = {Space Operations: Inspiring Humankind's Future},
    publisher = {Springer International Publishing},
    pages = {795-810},
    year = {2018},
}

@article{ray_2002_bayesian,
    title = {Bayesian methods for changepoint detection in long-range dependent
             processes},
    author = {Ray, B. K. and Tsay, R. S.},
    journal = {Journal of Time Series Analysis},
    volume = {23},
    pages = {687--705},
    year = {2002},
}

@inproceedings{bottou_1991_stochastic,
    title = {Stochastic gradient learning in neural networks},
    author = {Bottou, L.},
    booktitle = {Proceedings of Neuro-Nimes},
    volume = {91},
    year = {1991},
}

@article{killick_2012_optimal,
    title = {Optimal detection of changepoints with a linear computational cost},
    author = {Killick, R. and Fearnhead, P. and Eckley, I. A.},
    journal = {J. Amer. Statist. Assoc.},
    volume = {107},
    pages = {1590--1598},
    year = {2012},
}

@article{behaviour_based_anomaly_detection,
    author = {Redouane Boumghar and Adithya Venkataswaran and Hugh Brown and
              Xabier Crespo Alvarez and contributors},
    title = {Behaviour-based anomaly detection in spacecraft using deep learning
             },
    journal = {Libre Space Foundation},
    year = {2024},
    note = {red@libre.space, adithya.aiml@gmail.com, aardvark@libre.space,
            xabi@libre.space},
}

@misc{satnogs_grafana_docs,
    author = {{SatNOGS Community}},
    title = {SatNOGS Grafana Documentation},
    year = 2024,
    note = {\url{https://wiki.satnogs.org/Grafana} Доступ: 2024-05-25},
}

@misc{satnogs_database_docs,
    author = {{SatNOGS Community}},
    title = {SatNOGS Database Documentation},
    year = 2024,
    note = {\url{https://wiki.satnogs.org/Database} Доступ: 2024-05-25},
}

@misc{librespace_docs,
    author = {{LibreSpace Foundation}},
    title = {LibreSpace Documentation},
    year = 2024,
    note = {\url{https://libre.space} Доступ: 2024-03-25},
}

@misc{satnogs_general_docs,
    author = {{SatNOGS Community}},
    title = {SatNOGS General Documentation},
    year = 2024,
    note = {\url{https://wiki.satnogs.org} Доступ: 2024-04-25},
}

@misc{nvidia_cublas_docs,
    author = {{NVIDIA Corporation}},
    title = {{cuBLAS} Library User Guide},
    year = 2024,
    note = {\url{https://docs.nvidia.com/cuda/cublas/index.html} Доступ:
            2024-05-25},
}
